@InProceedings{ic-pml-tag-icml2023,
  title = 	 {Product Manifold Learning with Independent Coordinate Selection},
  author =       {\mkbibbold{Jesse He} and Tristan Brug\`ere and Gal Mishne},
  booktitle = 	 {Proceedings of 2nd Annual Workshop on Topology, Algebra, and Geometry in Machine Learning (TAG-ML)},
  pages = 	 {267--277},
  year = 	 {2023},
  editor = 	 {Doster, Timothy and Emerson, Tegan and Kvinge, Henry and Miolane, Nina and Papillon, Mathilde and Rieck, Bastian and Sanborn, Sophia},
  volume = 	 {221},
  series = 	 {Proceedings of Machine Learning Research},
  month = 	 {28 Jul},
  publisher =    {PMLR},
  pdf = 	 {https://proceedings.mlr.press/v221/he23a/he23a.pdf},
  url = 	 {https://proceedings.mlr.press/v221/he23a.html},
}

article{polydata-LIME,
    author       = "\mkbibbold{Jesse He} and Subhasish Mazumdar",
    title        = "Comparing LIME and SHAP Using Synthetic Polygonal Data Clusters",
    booktitle    = "International Journal for Infonomics (IJI)",
    year         = "2021",
    doi          = "10.20533/iji.1742.4712.2021.0214",
}