@article{unsat-hist,
 ISSN = {00029890, 19300972},
 URL = {http://www.jstor.org/stable/2306807},
 author = {J. L. Coolidge},
 journal = {The American Mathematical Monthly},
 number = {6},
 pages = {375--379},
 publisher = {Mathematical Association of America},
 title = {The Unsatisfactory Story of Curvature},
 volume = {59},
 year = {1952}
}

@InCollection{sep-nicole-oresme,
	author       =	{Kirschner, Stefan},
	title        =	{{Nicole Oresme}},
	booktitle    =	{The {Stanford} Encyclopedia of Philosophy},
	editor       =	{Edward N. Zalta},
	howpublished =	{\url{https://plato.stanford.edu/archives/fall2021/entries/nicole-oresme/}},
	year         =	{2021},
	edition      =	{{F}all 2021},
	publisher    =	{Metaphysics Research Lab, Stanford University}
}

@book{newton,
  author         = {Newton, Isaac, and John Colson},
  publisher      = {London : Printed by Henry Woodfall; and sold by John Nourse},
  title          = {The Method of Fluxions and Infinite Series; With Its Application to the Geometry of Curve-Lines},
  year           = {1736},
  howpublished =	{\url{https://archive.org/details/methodoffluxions00newt/page/72/mode/2up?q=59}}
}

@book{geom-diff-view,
  author         = {McCleary, John},
  publisher      = {Cambridge University Press},
  title          = {Geometry from a Differentiable Viewpoint},
  year           = {2012}
}

@book{riemann,
author="Riemann, Bernhard and Jost, J{\"u}rgen",
editor="Jost, J{\"u}rgen",
title="On the Hypotheses Which Lie at the Bases of Geometry",
year="2016",
publisher="Springer International Publishing"
}

@article{euler,
  author          = {Euler, Leonhard},
  journal         = {Mémoires de l'académie des sciences de Berlin},
  title           = {Recherches sur la courbure des surfaces},
  volume          = {16},
  year            = {1767},
  howpublished    = {\url{https://scholarlycommons.pacific.edu/euler-works/333/}}
}

@misc{intern-et-al,
  author       = {Intern et al.}
}