@book{dmt,
  author        = "Nicholas A. Scoville",
  title         = "Discrete Morse Theory",
  publisher     = "American Mathematical Society",
  month         = "November",
  year          = "2019",
}

@book{morsetheory,
  author        = "John Milnor and M. Spivak and R. Wells",
  publisher     = "Princeton University Press",
  title         = "Morse Theory. (AM-51), Volume 51",
  year          = "1969",
}

@article{morsecells,
  author        = "Robin Forman",
  title         = "Morse Theory for Cell Complexes",
  journal       = "Advances in Mathematics",
  volume        = "134",
  number        = "1",
  pages         = "90-145",
  year          = "1998",
  doi           = "https://doi.org/10.1006/aima.1997.1650",
}

@misc{wiki:asc,
  author        = "Wikipedia",
  title         = "Abstract simplicial complex --- {W}ikipedia{,} The Free Encyclopedia",
  year          = "2021",
  url           = "https://en.wikipedia.org/wiki/Abstract_simplicial_complex",
}

@article{duncehat,
  author        = "Bruno Benedetti and Frank H. Lutz",
  title         = "The dunce hat in a minimal non-extendably collapsible 3-ball",
  journal       = "Electronic Geometry Models",
  number        = "2013.10.001",
  year          = "2013",
}
