@article{arrow,
    author = {Kenneth J. Arrow},
    journal = {Journal of Political Economy},
    number = {4},
    publisher = {University of Chicago Press},
    title = {A Difficulty in the Concept of Social Welfare},
    volume = {58},
    year = {1950}
}

@article{invisdict,
    title = {Arrow's theorem, many agents, and invisible dictators},
    journal = {Journal of Economic Theory},
    volume = {5},
    number = {2},
    year = {1972},
    author = {Alan P Kirman and Dieter Sondermann}
}

@misc{ultraprod,
    author      = "David Pierce",
    title       = "Ultraproducts",
    publisher   = "Mimar Sinan Fine Arts University",
    year        = "2012",
}

@article{proof,
    author          = {Ning Neil Yu},
    title           = {A one-shot proof of Arrowâ€™s impossibility theorem},
    journal         = {Economic Theory},
    volume          = {50},
    number          = {2},
    year            = {2012}
}

@misc{joke,
  author       = {Intern et al.}
}