@book{vdw,
    author        = "B. L. van der Waerden",
    title         = "Geometry and Algebra in Ancient Civilizations",
    publisher     = "Springer-Verlag",
    address       = "New York, New York",
    year          = "1983",
}

@book{hist-alg,
  author         = "Israel Kleiner",
  title          = "A History of Abstract Algebra",
  publisher      = "Birkh√§user Boston",
  year           = "2007"
}

@article{maa,
  author          = "Randy K. Schwartz",
  title           = "A Classic from China: The Nine Chapters - Matrices",
  journal         = "Convergence",
  month           = "December",
  year            = "2018"
}

@article{japan-det,
  author          = "Yoshio Mikami",
  title           = "On the Japanese Theory of Determinants",
  journal         = "Isis",
  volume          = "Vol. 2",
  number          = "1",
  year            = "1914"
}

@article{roots,
  author          = "Christine Andrews-Larson",
  title           = "Roots of Linear Algebra: An Historical Exploration of Linear Systems",
  journal         = "PRIMUS",
  month           = "April",
  year            = "2015"
}

@misc{internet,
    author = "Intern et al"
}